<?xml version="1.0" encoding="UTF-8"?><collection xmlns="http://www.loc.gov/MARC21/slim"><record><leader>00389nam--2200133-i-4500</leader><controlfield tag="001">000043398</controlfield><controlfield tag="002">20161230</controlfield><controlfield tag="005">20161230201044</controlfield><controlfield tag="008">060222s1000------------r-----000-0-eng-d</controlfield><datafield ind1=" " ind2=" " tag="080"><subfield code="a">547.466</subfield></datafield><datafield ind1=" " ind2=" " tag="245"><subfield code="a">Synthetic production and utilization of amino acids</subfield></datafield><datafield ind1=" " ind2=" " tag="260"><subfield code="a">Tokyo, Kodansha Ltd.,1974. 312 P</subfield></datafield><datafield ind1=" " ind2=" " tag="700"><subfield code="a">Takeo Kanoko, Yoshiharu Izumi, Ichiro Chibata And Tamio Itoh</subfield></datafield><datafield ind1=" " ind2=" " tag="852"><subfield code="a">43179</subfield></datafield></record></collection>